@misc{karras2019stylebased,
      title={A Style-Based Generator Architecture for Generative Adversarial Networks}, 
      author={Tero Karras and Samuli Laine and Timo Aila},
      year={2019},
      eprint={1812.04948},
      archivePrefix={arXiv},
      primaryClass={cs.NE}
}

@misc{karras2020analyzing,
      title={Analyzing and Improving the Image Quality of StyleGAN}, 
      author={Tero Karras and Samuli Laine and Miika Aittala and Janne Hellsten and Jaakko Lehtinen and Timo Aila},
      year={2020},
      eprint={1912.04958},
      archivePrefix={arXiv},
      primaryClass={cs.CV}
}

@misc{karras2020training,
      title={Training Generative Adversarial Networks with Limited Data}, 
      author={Tero Karras and Miika Aittala and Janne Hellsten and Samuli Laine and Jaakko Lehtinen and Timo Aila},
      year={2020},
      eprint={2006.06676},
      archivePrefix={arXiv},
      primaryClass={cs.CV}
}

@misc{zhang2018unreasonable,
      title={The Unreasonable Effectiveness of Deep Features as a Perceptual Metric}, 
      author={Richard Zhang and Phillip Isola and Alexei A. Efros and Eli Shechtman and Oliver Wang},
      year={2018},
      eprint={1801.03924},
      archivePrefix={arXiv},
      primaryClass={cs.CV}
}

@misc{heusel2018gans,
      title={GANs Trained by a Two Time-Scale Update Rule Converge to a Local Nash Equilibrium}, 
      author={Martin Heusel and Hubert Ramsauer and Thomas Unterthiner and Bernhard Nessler and Sepp Hochreiter},
      year={2018},
      eprint={1706.08500},
      archivePrefix={arXiv},
      primaryClass={cs.LG}
}

@misc{wang2020faces,
      title={Faces \`a la Carte: Text-to-Face Generation via Attribute Disentanglement}, 
      author={Tianren Wang and Teng Zhang and Brian Lovell},
      year={2020},
      eprint={2006.07606},
      archivePrefix={arXiv},
      primaryClass={cs.CV}
}

@misc{abdal2019image2stylegan,
      title={Image2StyleGAN: How to Embed Images Into the StyleGAN Latent Space?}, 
      author={Rameen Abdal and Yipeng Qin and Peter Wonka},
      year={2019},
      eprint={1904.03189},
      archivePrefix={arXiv},
      primaryClass={cs.CV}
}

@misc{szegedy2014going,
      title={Going Deeper with Convolutions}, 
      author={Christian Szegedy and Wei Liu and Yangqing Jia and Pierre Sermanet and Scott Reed and Dragomir Anguelov and Dumitru Erhan and Vincent Vanhoucke and Andrew Rabinovich},
      year={2014},
      eprint={1409.4842},
      archivePrefix={arXiv},
      primaryClass={cs.CV}
}